@incollection{gartner,
  author = {Lori Perri},
  title = {Monetizing Observable Data Will Separate the Winners and Losers},
  url = {
         https://www.gartner.com/en/articles/monetizing-observable-data-will-separate-the-winners-and-losers
         },
  year = {2022},
}
